@inproceedings{AkhtarAL17,
  author    = {Usman Akhtar and
               Muhammad Bilal Amin and
               Sungyoung Lee},
  title     = {Evaluating scheduling strategies in {LOD} based application},
  booktitle = {19th Asia-Pacific Network Operations and Management Symposium, {APNOMS}
               2017, Seoul, Korea (South), September 27-29, 2017},
  year      = {2017},
  organization={IEEE}
}

@inproceedings{ChoN02,
  author    = {Junghoo Cho and Alexandros Ntoulas},
  title     = {Effective Change Detection Using Sampling},
  booktitle = {{VLDB} 2002, Proceedings of 28th International Conference on Very Large Data Bases, August 20-23, 2002, Hong Kong, China},
  year      = {2002},
  organization={Elsevier}
}

@inproceedings{KnuthHS16,
	author    = {Magnus Knuth and Olaf Hartig and Harald Sack},
	title     = {Scheduling Refresh Queries for Keeping Results from a {SPARQL} Endpoint
	Up-to-Date (Short Paper)},
	booktitle = {On the Move to Meaningful Internet Systems: {OTM} 2016 Conferences
	- Confederated International Conferences: CoopIS, C{\&}TC, and
	{ODBASE} 2016, Rhodes, Greece, October 24-28, 2016, Proceedings},
	year      = {2016},
	organization={Springer}
}

@inproceedings{NishiokaS17,
	author    = {Chifumi Nishioka and
	Ansgar Scherp},
	title     = {Keeping Linked Open Data caches up-to-date by predicting the life-time
	of {RDF} triples},
	booktitle = {Proceedings of the International Conference on Web Intelligence, Leipzig,
	Germany, August 23-26, 2017},
	year      = {2017},
	organization={ACM}
}

@inproceedings{UmbrichKHP12,
	author    = {J{\"{u}}rgen Umbrich and
	Marcel Karnstedt and
	Aidan Hogan and
	Josiane Xavier Parreira},
	title     = {Hybrid {SPARQL} Queries: Fresh vs. Fast Results},
	booktitle = {The Semantic Web - {ISWC} 2012 - 11th International Semantic Web Conference,
	Boston, MA, USA, November 11-15, 2012, Proceedings, Part {I}},
	year      = {2012},
	organization={Springer}
}
@inproceedings{MartinUA10,
	author    = {Michael Martin and
	J{\"{o}}rg Unbehauen and
	S{\"{o}}ren Auer},
	title     = {Improving the Performance of Semantic Web Applications with {SPARQL}
	Query Caching},
	booktitle = {The Semantic Web: Research and Applications, 7th Extended Semantic
	Web Conference, {ESWC} 2010, Heraklion, Crete, Greece, May 30 - June
	3, 2010},
	year      = {2010},
	organization={Springer}
}

@inproceedings{ZhangSTQ15,
	author    = {Wei Emma Zhang and
	Quan Z. Sheng and
	Kerry Taylor and
	Yongrui Qin},
	title     = {Identifying and Caching Hot Triples for Efficient {RDF} Query Processing},
	booktitle = {Database Systems for Advanced Applications - 20th International Conference,
	{DASFAA} 2015, Hanoi, Vietnam, April 20-23, 2015},
	year      = {2015},
	organization={Springer}
}

@inproceedings{KaferAUOH13,
	author    = {Tobias K{\"{a}}fer and
	Ahmed Abdelrahman and
	J{\"{u}}rgen Umbrich and
	Patrick O'Byrne and
	Aidan Hogan},
	title     = {Observing Linked Data Dynamics},
	booktitle = {The Semantic Web: Semantics andSemantics and Big Data, 10th International Conference,
	{ESWC} 2013, Montpellier, France, May 26-30, 2013.},
	year      = {2013},	
	organization={Springer}
}

@inproceedings{NishiokaS15,
	author    = {Chifumi Nishioka and
	Ansgar Scherp},
	title     = {Temporal Patterns and Periodicity of Entity Dynamics in the Linked
	Open Data Cloud},
	booktitle = {Proceedings of the 8th International Conference on Knowledge Capture,
	{K-CAP} 2015, Palisades, NY, USA, October 7-10, 2015},
	year      = {2015},
	organization={ACM}
}

@inproceedings{ErxlebenGKMV14,
	author    = {Fredo Erxleben and
	Michael G{\"{u}}nther and
	Markus Kr{\"{o}}tzsch and
	Julian Mendez and
	Denny Vrandecic},
	title     = {Introducing Wikidata to the Linked Data Web},
	booktitle = {The Semantic Web - {ISWC} 2014 - 13th International Semantic Web Conference,
	Riva del Garda, Italy, October 19-23, 2014.},
	year      = {2014},
	organization={Springer}
}

@inproceedings{MalyshevKGGB18,
  author    = {Stanislav Malyshev and
               Markus Kr{\"{o}}tzsch and
               Larry Gonz{\'{a}}lez and
               Julius Gonsior and
               Adrian Bielefeldt},
  title     = {Getting the Most Out of {W}ikidata: Semantic Technology Usage in {W}ikipedia's
               Knowledge Graph},
  booktitle = {International Semantic Web Conference (ISWC)},
  pages     = {376--394},
  year      = {2018}
}

@inproceedings{KaferUHP12,
	author    = {Tobias K{\"{a}}fer and
	J{\"{u}}rgen Umbrich and
	Aidan Hogan and
	Axel Polleres},
	title     = {DyLDO: Towards a Dynamic Linked Data Observatory},
	booktitle = {{WWW2012} Workshop on Linked Data on the Web, Lyon, France, 16 April,
	2012},
	year      = {2012}
}

@inproceedings{DividinoGS15,
	author    = {Renata Queiroz Dividino and
	Thomas Gottron and
	Ansgar Scherp},
	title     = {Strategies for Efficiently Keeping Local Linked Open Data Caches Up-To-Date},
	booktitle = {The Semantic Web - {ISWC} 2015 - 14th International Semantic Web Conference,
	Bethlehem, PA, USA, October 11-15, 2015},
	year      = {2015},
	organization={Springer}
}

@inproceedings{DividinoKG14,
	author    = {Renata Queiroz Dividino and
	Andr{\'{e}} Kramer and
	Thomas Gottron},
	title     = {An Investigation of {HTTP} Header Information for Detecting Changes
	of Linked Open Data Sources},
	booktitle = {The Semantic Web: {ESWC} 2014 Satellite Events - {ESWC} 2014 Satellite
	Events, Anissaras, Crete, Greece, May 25-29, 2014},
	year      = {2014},
	organization={Springer}
}

@inproceedings{DividinoGSG14,
	author    = {Renata Queiroz Dividino and
	Thomas Gottron and
	Ansgar Scherp and
	Gerd Gr{\"{o}}ner},
	title     = {From Changes to Dynamics: Dynamics Analysis of Linked Open Data Sources},
	booktitle = {Proceedings of the 1st International Workshop on Dataset PROFIling
	{\&} fEderated Search for Linked Data co-located with the 11th
	Extended Semantic Web Conference, PROFILES@ESWC 2014, Anissaras, Crete,
	Greece, May 26, 2014.},
	year      = {2014}
}

@inproceedings{EdwardsMT01,
	author    = {Jenny Edwards and
	Kevin S. McCurley and
	John A. Tomlin},
	title     = {An adaptive model for optimizing performance of an incremental web
	crawler},
	booktitle = {Proceedings of the Tenth International World Wide Web Conference,
	{WWW} 10, Hong Kong, China, May 1-5, 2001},
	year      = {2001},
	organization={ACM}
}

@article{TanM10,
	author    = {Qingzhao Tan and
	Prasenjit Mitra},
	title     = {Clustering-based incremental web crawling},
	journal   = {{ACM} Trans. Inf. Syst.},
	volume    = {28},
	number    = {4},
	pages     = {17:1--17:27},
	year      = {2010},
	publisher={ACM}
}

@article{VrandecicK14,
	author    = {Denny Vrandecic and
	Markus Kr{\"{o}}tzsch},
	title     = {Wikidata: a free collaborative knowledgebase},
	journal   = {Commun. {ACM}},
	volume    = {57},
	number    = {10},
	pages     = {78--85},
	year      = {2014},
	publisher={ACM}
}

@inproceedings{UmbrichMP15,
	author    = {J{\"{u}}rgen Umbrich and
	Nina Mrzelj and
	Axel Polleres},
	title     = {Towards capturing and preserving changes on the Web of Data},
	booktitle = {Proceedings of the First {DIACHRON} Workshop on Managing the Evolution
	and Preservation of the Data Web co-located with 12th European Semantic
	Web Conference {(ESWC} 2015), Portoro{\v{z}}, Slovenia, May 31, 2015.},
	year      = {2015}
}

@inproceedings{RoussakisCSFS15,
	author    = {Yannis Roussakis and
	Ioannis Chrysakis and
	Kostas Stefanidis and
	Giorgos Flouris and
	Yannis Stavrakas},
	title     = {A Flexible Framework for Understanding the Dynamics of Evolving {RDF}
	Datasets},
	booktitle = {The Semantic Web - {ISWC} 2015 - 14th International Semantic Web Conference,
	Bethlehem, PA, USA, October 11-15, 2015},
	year      = {2015},
	publisher = {Springer}
}

@inproceedings{UmbrichHHPD10,
	author    = {J{\"{u}}rgen Umbrich and
	Michael Hausenblas and
	Aidan Hogan and
	Axel Polleres and
	Stefan Decker},
	title     = {Towards Dataset Dynamics: Change Frequency of Linked Open Data Sources},
	booktitle = {Proceedings of the {WWW2010} Workshop on Linked Data on the Web, {LDOW}
	2010, Raleigh, USA, April 27, 2010},
	year      = {2010},
	publisher = {CEUR-WS.org}
}

@inproceedings{DividinoSGG13,
	author    = {Renata Queiroz Dividino and
	Ansgar Scherp and
	Gerd Gr{\"{o}}ner and
	Thomas Grotton},
	title     = {Change-a-LOD: Does the Schema on the Linked Data Cloud Change or Not?},
	booktitle = {Proceedings of the Fourth International Workshop on Consuming Linked
	Data, {COLD} 2013, Sydney, Australia, October 22, 2013},
	year      = {2013},
	publisher = {CEUR-WS.org}
}

@inproceedings{UmbrichVH10,
	author    = {J{\"{u}}rgen Umbrich and
	Boris Villaz{\'{o}}n{-}Terrazas and
	Michael Hausenblas},
	title     = {Dataset Dynamics Compendium: {A} Comparative Study},
	booktitle = {Proceedings of the First International Workshop on Consuming Linked
	Data, Shanghai, China, November 8, 2010},
	year      = {2010},
	publisher = {CEUR-WS.org}
}

@inproceedings{SchmachtenbergBP14,
	author    = {Max Schmachtenberg and
	Christian Bizer and
	Heiko Paulheim},
	title     = {Adoption of the Linked Data Best Practices in Different Topical Domains},
	booktitle = {The Semantic Web - {ISWC} 2014 - 13th International Semantic Web Conference,
	Riva del Garda, Italy, October 19-23, 2014.},
	year      = {2014},
	publisher = {Springer}
}

@inproceedings{AuerDML12,
	author    = {S{\"{o}}ren Auer and
	Jan Demter and
	Michael Martin and
	Jens Lehmann},
	title     = {LODStats - An Extensible Framework for High-Performance Dataset Analytics},
	booktitle = {Knowledge Engineering and Knowledge Management - 18th International
	Conference, {EKAW} 2012, Galway City, Ireland, October 8-12, 2012.},
	year      = {2012},
	publisher = {Springer}
}

@phdthesis{Dividino17,
	author    = {Renata Queiroz Dividino},
	title     = {Managing and using provenance in the semantic web},
	school    = {University of Koblenz and Landau, Germany},
	year      = {2017}
}

@inproceedings{DingF06,
	author    = {Li Ding and
	Tim Finin},
	title     = {Characterizing the Semantic Web on the Web},
	booktitle = {The Semantic Web - {ISWC} 2006, 5th International Semantic Web Conference, {ISWC} 2006, Athens, GA, USA, November 5-9, 2006},
	year      = {2006},
	publisher = {Springer}
}

@article{KonrathGSS12,
	author    = {Mathias Konrath and
	Thomas Gottron and
	Steffen Staab and
	Ansgar Scherp},
	title     = {SchemEX - Efficient construction of a data catalogue by stream-based indexing of linked data},
	journal   = {J. Web Sem.},
	volume    = {16},
	pages     = {52--58},
	year      = {2012}
}

@inproceedings{HausenblasHRFA09,
	author    = {Michael Hausenblas and
	Wolfgang Halb and
	Yves Raimond and
	Lee Feigenbaum and
	Danny Ayers},
	title     = {{SCOVO:} Using Statistics on the Web of Data},
	booktitle = {The Semantic Web: Research and Applications, 6th European Semantic Web Conference, {ESWC} 2009, Heraklion, Crete, Greece, May 31-June
	4, 2009},
	year      = {2009},
	publisher = {Springer}
}

@inproceedings{AlexanderCHZ09,
	author    = {Keith Alexander and
	Richard Cyganiak and
	Michael Hausenblas and
	Jun Zhao},
	title     = {Describing Linked Datasets},
	booktitle = {Proceedings of the {WWW2009} Workshop on Linked Data on the Web, {LDOW} 2009, Madrid, Spain, April 20, 2009.},
	year      = {2009},
	publisher = {CEUR-WS.org}
}

@inproceedings{Hartig11,
	author    = {Olaf Hartig},
	title     = {Zero-Knowledge Query Planning for an Iterator Implementation of Link
	Traversal Based Query Execution},
	booktitle = {The Semantic Web: Research and Applications - 8th Extended Semantic Web Conference, {ESWC} 2011, Heraklion, Crete, Greece, May 29-June
	2, 2011},
	year      = {2011},
	publisher = {Springer}
}

@inproceedings{DehghanzadehPKUHD14,
	author    = {Soheila Dehghanzadeh and
	Josiane Xavier Parreira and
	Marcel Karnstedt and
	J{\"{u}}rgen Umbrich and
	Manfred Hauswirth and
	Stefan Decker},
	title     = {Optimizing {SPARQL} Query Processing on Dynamic and Static Data Based
	on Query Time/Freshness Requirements Using Materialization},
	booktitle = {Semantic Technology - 4th Joint International Conference, {JIST} 2014,
	Chiang Mai, Thailand, November 9-11, 2014.},
	year      = {2014},
	publisher = {Springer}
}

@inproceedings{VolkelG06,
	title={SemVersion: An RDF-based ontology versioning system},
	author={V{\"o}lkel, Max and 
	Groza, Tudor},
	booktitle={Proceedings of the IADIS international conference WWW/Internet},
	volume={2006},
	year={2006}
}

@article{ZeginisTC11,
	author    = {Dimitris Zeginis and
	Yannis Tzitzikas and
	Vassilis Christophides},
	title     = {On Computing Deltas of {RDF/S} Knowledge Bases},
	journal   = {{TWEB}},
	volume    = {5},
	number    = {3},
	pages     = {14:1--14:36},
	year      = {2011}
}

@inproceedings{GottronSKP13,
	author    = {Thomas Gottron and
	Ansgar Scherp and
	Bastian Krayer and
	Arne Peters},
	title     = {LODatio: using a schema-level index to support users infinding relevant
	sources of linked data},
	booktitle = {Proceedings of the 7th International Conference on Knowledge Capture,
	{K-CAP} 2013, Banff, Canada, June 23-26, 2013},
	year      = {2013},
	publisher = {{ACM}}
}

@inproceedings{NeumannM11,
	author    = {Thomas Neumann and
	Guido Moerkotte},
	title     = {Characteristic sets: Accurate cardinality estimation for {RDF} queries
	with multiple joins},
	booktitle = {Proceedings of the 27th International Conference on Data Engineering,
	{ICDE} 2011, April 11-16, 2011, Hannover, Germany},
	year      = {2011},
	publisher = {{IEEE} Computer Society}
}

@inproceedings{SchaibleGSS13,
	author    = {Johann Schaible and
	Thomas Gottron and
	Stefan Scheglmann and
	Ansgar Scherp},
	title     = {{LOVER:} support for modeling data using linked open vocabularies},
	booktitle = {Joint 2013 {EDBT/ICDT} Conferences, {EDBT/ICDT} '13, Genoa, Italy,
	March 22, 2013},
	year      = {2013},
	publisher = {{ACM}}
}

@inproceedings{StuckenschmidtVHB04,
	author    = {Heiner Stuckenschmidt and
	Richard Vdovjak and
	Geert{-}Jan Houben and
	Jeen Broekstra},
	title     = {Index structures and algorithms for querying distributed {RDF} repositories},
	booktitle = {Proceedings of the 13th international conference on World Wide Web,
	{WWW} 2004, New York, NY, USA, May 17-20, 2004},
	year      = {2004},
	publisher = {{ACM}}
}

@article{PopitschH11,
	author    = {Niko Popitsch and
	Bernhard Haslhofer},
	title     = {DSNotify - {A} solution for event detection and link maintenance in dynamic datasets},
	journal   = {J. Web Sem.},
	volume    = {9},
	number    = {3},
	pages     = {266--283},
	year      = {2011}
}

@inproceedings{UmbrichKL10,
	author    = {J{\"{u}}rgen Umbrich and
	Marcel Karnstedt and
	Sebastian Land},
	title     = {Towards Understanding the Changing Web: Mining the Dynamics of Linked-Data
	Sources and Entities},
	booktitle = {{LWA} 2010 - Lernen, Wissen {\&} Adaptivit{\"{a}}t, Workshop
	Proceedings, Kassel, 4.-6. Oktober 2010},
	year      = {2010}
}

@inproceedings{PassantM10,
	author    = {Alexandre Passant and
	Pablo N. Mendes},
	title     = {sparqlPuSH: Proactive Notification of Data Updates in {RDF} Stores Using PubSubHubbub},
	booktitle = {Proceedings of the Sixth Workshop on Scripting and Development for
	the Semantic Web, Crete, Greece, May 31, 2010},
	year      = {2010},
	publisher = {CEUR-WS.org}
}

@inproceedings{ekawUmbrichKHP12,
	author    = {J{\"{u}}rgen Umbrich and
	Marcel Karnstedt and
	Aidan Hogan and
	Josiane Xavier Parreira},
	title     = {Freshening up while Staying Fast: Towards Hybrid {SPARQL} Queries},
	booktitle = {Knowledge Engineering and Knowledge Management - 18th International
	Conference, {EKAW} 2012, Galway City, Ireland, October 8-12, 2012.},
	year      = {2012},
	publisher = {Springer}
}

@inproceedings{NeumaierU16,
	author    = {Sebastian Neumaier and
	J{\"{u}}rgen Umbrich},
	title     = {Measures for Assessing the Data Freshness in Open Data Portals},
	booktitle = {2nd International Conference on Open and Big Data, {OBD} 2016, Vienna,
	Austria, August 22-24, 2016},
	year      = {2016},
	publisher = {{IEEE} Computer Society}
}

@inproceedings{NishiokaS16,
	author    = {Chifumi Nishioka and
	Ansgar Scherp},
	title     = {Information-theoretic Analysis of Entity Dynamics on the Linked Open
	Data Cloud},
	booktitle = {Proceedings of the 3rd International Workshop on Dataset PROFIling
	and fEderated Search for Linked Data {(PROFILES} '16) co-located with
	the 13th {ESWC} 2016 Conference, Anissaras, Greece, May 30, 2016.},
	year      = {2016},
	publisher = {CEUR-WS.org}
}

@inproceedings{KaferWA17,
	author    = {Tobias K{\"{a}}fer and
	Alexandra Wins and
	Maribel Acosta},
	title     = {Modelling and Analysing Dynamic Linked Data using {RDF} and {SPARQL}},
	booktitle = {Proceedings of the 4th International Workshop on Dataset PROFIling
	and fEderated Search for Web Data {(PROFILES} 2017) co-located with
	The 16th International Semantic Web Conference {(ISWC} 2017), Vienna,
	Austria, October 22, 2017.},
	year      = {2017},
	publisher = {CEUR-WS.org}
}

@inproceedings{NishiokaS18,
	author    = {Chifumi Nishioka and
	Ansgar Scherp},
	title     = {Analysing the Evolution of Knowledge Graphs for the Purpose of Change
	Verification},
	booktitle = {12th {IEEE} International Conference on Semantic Computing, {ICSC}
	2018, Laguna Hills, CA, USA, January 31 - February 2, 2018},
	year      = {2018},
	publisher = {{IEEE} Computer Society}
}

@inproceedings{GonzalezH18,
	author    = {Larry Gonz{\'{a}}lez and
	Aidan Hogan},
	title     = {Modelling Dynamics in Semantic Web Knowledge Graphs with Formal Concept
	Analysis},
	booktitle = {Proceedings of the 2018 World Wide Web Conference on World Wide Web,
	{WWW} 2018, Lyon, France, April 23-27, 2018},
	year      = {2018},
	publisher = {{ACM}}
}

@inproceedings{GraubeHU14,
	author    = {Markus Graube and
	Stephan Hensel and
	Leon Urbas},
	title     = {R43ples: Revisions for Triples - An Approach for Version Control in
	the Semantic Web},
	booktitle = {Proceedings of the 1st Workshop on Linked Data Quality co-located
	with 10th International Conference on Semantic Systems, LDQ@SEMANTiCS
	2014, Leipzig, Germany, September 2nd, 2014.},
	year      = {2014},
	publisher = {CEUR-WS.org}	
}

@article{Ellefi17,
	title={Rdf dataset profiling-a survey of features, methods, vocabularies and applications},
	author={Ellefi, Mohamed Ben and Bellahsene, Zohra and Breslin, J and Demidova, Elena and Dietze, Stefan and Szymanski, Julian and Todorov, Konstantin},
	journal={Semantic Web},
	year={2017}
}

@article{PapavasileiouFFKC13,
	author    = {Vicky Papavasileiou and
	Giorgos Flouris and
	Irini Fundulaki and
	Dimitris Kotzinos and
	Vassilis Christophides},
	title     = {High-level change detection in {RDF(S)} KBs},
	journal   = {{ACM} Trans. Database Syst.},
	year      = {2013}
}

@inproceedings{HarthUD06,
	author    = {Andreas Harth and
	J{\"{u}}rgen Umbrich and
	Stefan Decker},
	title     = {MultiCrawler: {A} Pipelined Architecture for Crawling and Indexing
	Semantic Web Data},
	booktitle = {The Semantic Web - {ISWC} 2006, 5th International Semantic Web Conference,
	{ISWC} 2006, Athens, GA, USA, November 5-9, 2006},
	year      = {2006},
	publisher = {Springer}
}

@inproceedings{IseleUBH10,
	author    = {Robert Isele and
	J{\"{u}}rgen Umbrich and
	Christian Bizer and
	Andreas Harth},
	title     = {LDspider: An Open-source Crawling Framework for the Web of Linked
	Data},
	booktitle = {Proceedings of the {ISWC} 2010 Posters {\&} Demonstrations Track:
	Collected Abstracts, Shanghai, China, November 9, 2010},
	year      = {2010},
	publisher = {CEUR-WS.org}
}

@inproceedings{Hogan15,
	author    = {Aidan Hogan},
	title     = {Skolemising Blank Nodes while Preserving Isomorphism},
	booktitle = {Proceedings of the 24th International Conference on World Wide Web,
	{WWW} 2015, Florence, Italy, May 18-22, 2015},
	year      = {2015},
	publisher = {{ACM}}
}

@article{Tunnicliffe05,
	title={Changeset vocabulary (2005)},
	author={Tunnicliffe, S and Davis, I},
	journal={URL http://vocab.org/changeset/}
}

@article{Berners04,
	title={Delta: an ontology for the distribution of differences between RDF graphs},
	author={Berners-Lee, Tim and Connolly, Dan},
	journal={World Wide Web, http://www.w3.org/DesignIssues/Diff},
	volume={4},
	number={3},
	pages={4--3},
	year={2004}
}

@inproceedings{TrampFEA10,
	author    = {Sebastian Tramp and
	Philipp Frischmuth and
	Timofey Ermilov and
	S{\"{o}}ren Auer},
	title     = {Weaving a Social Data Web with Semantic Pingback},
	booktitle = {Knowledge Engineering and Management by the Masses - 17th International
	Conference, {EKAW} 2010, Lisbon, Portugal, October 11-15, 2010.},
	year      = {2010},
	publisher = {Springer}
}

@inproceedings{TummarelloMBE07,
	author    = {Giovanni Tummarello and
	Christian Morbidoni and
	Reto Bachmann{-}Gm{\"{u}}r and
	Orri Erling},
	title     = {RDFSync: Efficient Remote Synchronization of {RDF} Models},
	booktitle = {The Semantic Web, 6th International Semantic Web Conference, 2nd Asian
	Semantic Web Conference, {ISWC} 2007 + {ASWC} 2007, Busan, Korea,
	November 11-15, 2007.},
	year      = {2007},
	publisher = {Springer}
}

@incollection{MaderMS14,
	author    = {Christian Mader and
	Michael Martin and
	Claus Stadler},
	title     = {Facilitating the Exploration and Visualization of Linked Data},
	booktitle = {Linked Open Data - Creating Knowledge Out of Interlinked Data - Results
	of the {LOD2} Project},
	year      = {2014},
	publisher = {Springer}
}

@article{MissierACDG07,
	author    = {Paolo Missier and
	Pinar Alper and
	{\'{O}}scar Corcho and
	Ian Dunlop and
	Carole A. Goble},
	title     = {Requirements and Services for Metadata Management},
	journal   = {{IEEE} Internet Computing},
	volume    = {11},
	number    = {5},
	pages     = {17--25},
	year      = {2007}
}

@article{Nottingham05,
	title={The atom syndication format},
	author={Nottingham, Mark and Sayre, Robert},
	year={2005}
}

@article{Fitzpatrick10,
	title={Pubsubhubbub core 0.3--working draft},
	author={Fitzpatrick, Brad and Slatkin, Brett and Atkins, Martin and Genestoux, Julien},
	journal={Project Hosting on Google Code},
	year={2010}
}

@inproceedings{Kjernsmo15,
	author    = {Kjetil Kjernsmo},
	title     = {A Survey of {HTTP} Caching Implementations on the Open Semantic Web},
	booktitle = {The Semantic Web. Latest Advances and New Domains - 12th European
	Semantic Web Conference, {ESWC} 2015, Portoroz, Slovenia, May 31 -
	June 4, 2015.},
	year      = {2015},
	publisher = {Springer}
}

@inproceedings{RulaPHSM12,
	author    = {Anisa Rula and
	Matteo Palmonari and
	Andreas Harth and
	Steffen Stadtm{\"{u}}ller and
	Andrea Maurino},
	title     = {On the Diversity and Availability of Temporal Information in Linked
	Open Data},
	booktitle = {The Semantic Web - {ISWC} 2012 - 11th International Semantic Web Conference,
	Boston, MA, USA, November 11-15, 2012},
	year      = {2012},
	publisher = {Springer}
}

@inproceedings{ChoG00,
	author    = {Junghoo Cho and
	Hector Garcia{-}Molina},
	title     = {The Evolution of the Web and Implications for an Incremental Crawler},
	booktitle = {{VLDB} 2000, Proceedings of 26th International Conference on Very
	Large Data Bases, September 10-14, 2000, Cairo, Egypt},
	year      = {2000},
	publisher = {Morgan Kaufmann}
}

@article{ChoG03,
	author    = {Junghoo Cho and
	Hector Garcia{-}Molina},
	title     = {Estimating frequency of change},
	journal   = {{ACM} Trans. Internet Techn.},
	volume    = {3},
	number    = {3},
	pages     = {256--290},
	year      = {2003}
}

@inproceedings{UmbrichKPPH12,
	author    = {J{\"{u}}rgen Umbrich and
	Marcel Karnstedt and
	Josiane Xavier Parreira and
	Axel Polleres and
	Manfred Hauswirth},
	title     = {Linked Data and Live Querying for Enabling Support Platforms for Web
	Dataspaces},
	booktitle = {Workshops Proceedings of the {IEEE} 28th International Conference
	on Data Engineering, {ICDE} 2012, Arlington, VA, USA, April 1-5, 2012},
	year      = {2012},
	publisher = {{IEEE} Computer Society}
}

@inproceedings{AliciAOCU12,
	author    = {Sadiye Alici and
	Ismail Seng{\"{o}}r Alting{\"{o}}vde and
	Rifat Ozcan and
	Berkant Barla Cambazoglu and
	{\"{O}}zg{\"{u}}r Ulusoy},
	title     = {Adaptive Time-to-Live Strategies for Query Result Caching in Web Search
	Engines},
	booktitle = {Advances in Information Retrieval - 34th European Conference on {IR}
	Research, {ECIR} 2012, Barcelona, Spain, April 1-5, 2012.},
	year      = {2012},
	publisher = {Springer}
}

@inproceedings{LampoVDR11,
	author    = {Tomas Lampo and
	Maria{-}Esther Vidal and
	Juan Danilow and
	Edna Ruckhaus},
	title     = {To Cache or Not To Cache: The Effects of Warming Cache in Complex
	{SPARQL} Queries},
	booktitle = {On the Move to Meaningful Internet Systems: {OTM} 2011 - Confederated
	International Conferences: CoopIS, DOA-SVI, and {ODBASE} 2011, Hersonissos,
	Crete, Greece, October 17-21, 2011},
	year      = {2011},
	publisher = {Springer}
}

@incollection{GorlitzS11,
	author    = {Olaf G{\"{o}}rlitz and
	Steffen Staab},
	title     = {Federated Data Management and Query Optimization for Linked Open Data},
	booktitle = {New Directions in Web Data Management 1},
	year      = {2011},
	publisher = {Springer}
}

@article{MontoyaISMV14,
	author    = {Gabriela Montoya and
	Luis Daniel Ib{\'{a}}{\~{n}}ez and
	Hala Skaf{-}Molli and
	Pascal Molli and
	Maria{-}Esther Vidal},
	title     = {SemLAV: Local-As-View Mediation for {SPARQL} Queries},
	journal   = {Trans. Large-Scale Data- and Knowledge-Centered Systems},
	volume    = {13},
	pages     = {33--58},
	year      = {2014},
	publisher = {Springer}
}

@inproceedings{Hartig13,
	author    = {Olaf Hartig},
	title     = {{SQUIN:} a traversal based query execution system for the web of linked
	data},
	booktitle = {Proceedings of the {ACM} {SIGMOD} International Conference on Management
	of Data, {SIGMOD} 2013, New York, NY, USA, June 22-27, 2013},
	year      = {2013},
	publisher = {{ACM}}
}

@inproceedings{HartigBF09,
	author    = {Olaf Hartig and
	Christian Bizer and
	Johann Christoph Freytag},
	title     = {Executing {SPARQL} Queries over the Web of Linked Data},
	booktitle = {The Semantic Web - {ISWC} 2009, 8th International Semantic Web Conference,
	{ISWC} 2009, Chantilly, VA, USA, October 25-29, 2009.},
	year      = {2009},
	publisher = {Springer}
}

@inproceedings{KotidisR99,
	author    = {Yannis Kotidis and
	Nick Roussopoulos},
	title     = {DynaMat: {A} Dynamic View Management System for Data Warehouses},
	booktitle = {{SIGMOD} 1999, Proceedings {ACM} {SIGMOD} International Conference
	on Management of Data, June 1-3, 1999, Philadelphia, Pennsylvania,
	{USA.}},
	pages     = {371--382},
	year      = {1999},
	publisher = {{ACM} Press}
}

@article{dhoteA09,
	title={Materialized View Selection in Data Warehousing: A Survey},
	author={Dhote, CA and Ali, MS},
	journal={Journal of Applied Sciences},
	volume={9},
	pages={401--414},
	year={2009}
}

@inproceedings{TummarelloDO07,
	author    = {Giovanni Tummarello and
	Renaud Delbru and
	Eyal Oren},
	title     = {Sindice.com: Weaving the Open Linked Data},
	booktitle = {The Semantic Web, 6th International Semantic Web Conference, 2nd Asian
	Semantic Web Conference, {ISWC} 2007 + {ASWC} 2007, Busan, Korea,
	November 11-15, 2007.},
	year      = {2007},
	publisher = {Springer}	
}

@article{VerborghSHHVMHC16,
	author    = {Ruben Verborgh and
	Miel Vander Sande and
	Olaf Hartig and
	Joachim Van Herwegen and
	Laurens De Vocht and
	Ben De Meester and
	Gerald Haesendonck and
	Pieter Colpaert},
	title     = {Triple Pattern Fragments: {A} low-cost knowledge graph interface for
	the Web},
	journal   = {J. Web Sem.},
	volume    = {37-38},
	pages     = {184--206},
	year      = {2016}
}

@article{GoasdoueKLM11,
	author    = {Fran{\c{c}}ois Goasdou{\'{e}} and
	Konstantinos Karanasos and
	Julien Leblay and
	Ioana Manolescu},
	title     = {View Selection in Semantic Web Databases},
	journal   = {{PVLDB}},
	volume    = {5},
	number    = {2},
	pages     = {97--108},
	year      = {2011}
}

@article{PerezAG09,
  author    = {Jorge P{\'{e}}rez and
               Marcelo Arenas and
               Claudio Guti{\'{e}}rrez},
  title     = {Semantics and complexity of {SPARQL}},
  journal   = {{ACM} Trans. Database Syst.},
  volume    = {34},
  number    = {3},
  pages     = {16:1--16:45},
  year      = {2009},
  url       = {https://doi.org/10.1145/1567274.1567278},
  doi       = {10.1145/1567274.1567278},
  timestamp = {Tue, 06 Nov 2018 12:51:47 +0100},
  biburl    = {https://dblp.org/rec/bib/journals/tods/PerezAG09},
  bibsource = {dblp computer science bibliography, https://dblp.org}
}

@article{ArenasU17,
  author    = {Marcelo Arenas and
               Mart{\'{\i}}n Ugarte},
  title     = {Designing a Query Language for {RDF:} Marrying Open and Closed Worlds},
  journal   = {{ACM} Trans. Database Syst.},
  volume    = {42},
  number    = {4},
  pages     = {21:1--21:46},
  year      = {2017},
  url       = {https://doi.org/10.1145/3129247},
  doi       = {10.1145/3129247},
  timestamp = {Tue, 06 Nov 2018 12:51:48 +0100},
  biburl    = {https://dblp.org/rec/bib/journals/tods/ArenasU17},
  bibsource = {dblp computer science bibliography, https://dblp.org}
}

@inproceedings{ArenasP11,
  author    = {Marcelo Arenas and
               Jorge P{\'{e}}rez},
  title     = {Querying semantic web data with {SPARQL}},
  booktitle = {Symposium on Principles of Database Systems (PODS)},
  pages     = {305--316},
  year      = {2011}
}

@book{CastilloRL10,
	title={RDFMatView: Idexing RDF Data for SPARQL Queries},
	author={Castillo, Roger and Rothe, Christian and Leser, Ulf}
}

@article{VandenbusscheUM17,
	author    = {Pierre{-}Yves Vandenbussche and
	J{\"{u}}rgen Umbrich and
	Luca Matteis and
	Aidan Hogan and
	Carlos Buil Aranda},
	title     = {{SPARQLES:} Monitoring public {SPARQL} endpoints},
	journal   = {Semantic Web},
	volume    = {8},
	number    = {6},
	pages     = {1049--1065},
	year      = {2017}
}

@article{fielding2rfc,
	title={RFC 7232. June 2014},
	author={Fielding, Roy and Reschke, J},
	journal={URl: http://tools.ietf.org/html/rfc7232 (visited on 08/20/2018)}
}

@misc{webSub18,
    author = {Julien Genestoux and Brad Fitzpatrick and Brett Slatkin and Martin Atkins},
    title = {{WebSub}},
    howpublished = {{W3C Recommendation}},
    note = {\url{https://www.w3.org/TR/websub/}},
    year = {2018},
	month = jan,
    day = {23},
}
